@misc{zhang2017shufflenet,
      title={ShuffleNet: An Extremely Efficient Convolutional Neural Network for Mobile Devices}, 
      author={Xiangyu Zhang and Xinyu Zhou and Mengxiao Lin and Jian Sun},
      year={2017},
      eprint={1707.01083},
      archivePrefix={arXiv},
      primaryClass={cs.CV}
}
